@book{mutaftschiev2001atomistic,
	title={The Atomistic Nature of Crystal Growth},
	author={Mutaftschiev, B.},
	isbn={9783540664963},
	lccn={00069263},
	series={Springer Series in Materials Science},
	url={https://books.google.com/books?id=XesJbYTQk\_8C},
	year={2001},
	publisher={Springer Berlin Heidelberg}
}

@Article{Park2004,
	author="Park, Seungho
	and Cho, Sung San
	and Lee, Joon Sik
	and Choi, Young Ki
	and Kwon, Ohmyoung",
	title="Molecular dynamics study on external field induced crystallization of amorphous argon structure",
	journal="KSME International Journal",
	year="2004",
	volume="18",
	number="11",
	pages="2042--2048",
	issn="1738-494X",
	doi="10.1007/BF02990446",
	url="http://dx.doi.org/10.1007/BF02990446"
}


@article{Verlet1967,
	title = {Computer "Experiments" on Classical Fluids. I. Thermodynamical Properties of Lennard-Jones Molecules},
	author = {Verlet, Loup},
	journal = {Phys. Rev.},
	volume = {159},
	issue = {1},
	pages = {98--103},
	numpages = {0},
	year = {1967},
	month = {Jul},
	publisher = {American Physical Society},
	doi = {10.1103/PhysRev.159.98},
	url = {http://link.aps.org/doi/10.1103/PhysRev.159.98}
}

@article{PhysRevE.51.4626,
	title = {Testing mode-coupling theory for a supercooled binary Lennard-Jones mixture I: The van Hove correlation function},
	author = {Kob, Walter and Andersen, Hans C.},
	journal = {Physical Review E},
	volume = {51},
	issue = {5},
	pages = {4626--4641},
	numpages = {0},
	year = {1995},
	month = {May},
	publisher = {American Physical Society},
	doi = {10.1103/PhysRevE.51.4626},
	url = {http://link.aps.org/doi/10.1103/PhysRevE.51.4626}
}


@article {Jones463,
	author = {Jones, J. E.},
	title = {On the Determination of Molecular Fields. II. From the Equation of State of a Gas},
	volume = {106},
	number = {738},
	pages = {463--477},
	year = {1924},
	doi = {10.1098/rspa.1924.0082},
	publisher = {The Royal Society},
	issn = {0950-1207},
	URL = {http://rspa.royalsocietypublishing.org/content/106/738/463},
	eprint = {http://rspa.royalsocietypublishing.org/content/106/738/463.full.pdf},
	journal = {Proceedings of the Royal Society of London A: Mathematical, Physical and Engineering Sciences}
}

@article{quench,
	author = "Schrøder, Thomas B. and Sastry, Srikanth and Dyre, Jeppe C. and Glotzer, Sharon C.",
	title = "Crossover to potential energy landscape dominated dynamics in a model glass-forming liquid",
	journal = "The Journal of Chemical Physics",
	year = "2000",
	volume = "112",
	number = "22", 
	eid = ,
	pages = "9834-9840",
	url = "http://scitation.aip.org/content/aip/journal/jcp/112/22/10.1063/1.481621",
	doi = "http://dx.doi.org/10.1063/1.481621" 
}


@article{Stillinger1974,
	author = "Stillinger, Frank H. and Rahman, Aneesur",
	title = "Improved simulation of liquid water by molecular dynamics",
	journal = "The Journal of Chemical Physics",
	year = "1974",
	volume = "60",
	number = "4", 
}

@book{BOOST,
	author = {Schling, Boris},
	title = {The Boost C++ Libraries},
	year = {2011},
	isbn = {0982219199, 9780982219195},
	publisher = {XML Press},
}

@article{BOP_first,
	title = {Bond-orientational order in liquids and glasses},
	author = {Steinhardt, Paul J. and Nelson, David R. and Ronchetti, Marco},
	journal = {Physical Review B},
	volume = {28},
	issue = {2},
	pages = {784--805},
	numpages = {0},
	year = {1983},
	month = {Jul},
	publisher = {American Physical Society},
	doi = {10.1103/PhysRevB.28.784},
}


@article{BOP,
	author = "Lechner, Wolfgang and Dellago, Christoph",
	title = "Accurate determination of crystal structures based on averaged local bond order parameters",
	journal = "The Journal of Chemical Physics",
	year = "2008",
	volume = "129",
	number = "11", 
	eid = 114707,
	pages = "" 
}

@article{Charbonneau2012,
	archivePrefix = {arXiv},
	arxivId = {1205.4057},
	author = {Charbonneau, P. and Ikeda, a. and Parisi, G. and Zamponi, F.},
	doi = {10.1073/pnas.1211825109},
	eprint = {1205.4057},
	isbn = {1091-6490 (Electronic)$\backslash$r0027-8424 (Linking)},
	issn = {0027-8424},
	journal = {Proceedings of the National Academy of Sciences},
	mendeley-groups = {High Dimensional},
	number = {35},
	pages = {13939--13943},
	pmid = {22891303},
	title = {{Dimensional study of the caging order parameter at the glass transition}},
	volume = {109},
	year = {2012}
}


@article{Charbonneau2013,
	archivePrefix = {arXiv},
	arxivId = {1210.6073},
	author = {Charbonneau, Benoit and Charbonneau, Patrick and Jin, Yuliang and Parisi, Giorgio and Zamponi, Francesco},
	doi = {10.1063/1.4825177},
	eprint = {1210.6073},
	issn = {00219606},
	journal = {Journal of Chemical Physics},
	mendeley-groups = {High Dimensional},
	number = {16},
	pmid = {24182044},
	title = {{Dimensional dependence of the Stokes-Einstein relation and its violation}},
	volume = {139},
	year = {2013}
}


@article{chi4,
	author = "Lačević, N. and Starr, F. W. and Schrøder, T. B. and Glotzer, S. C.",
	title = "Spatially heterogeneous dynamics investigated via a time-dependent four-point density correlation function",
	journal = "The Journal of Chemical Physics",
	year = "2003",
	volume = "119",
	number = "14", 
	pages = "7372-7387"
}

@book{EGELSTAFF,
	title={An Introduction to the liquid state},
	author={Egelstaff, P.},
	isbn={9780323159036},
	url={https://books.google.com/books?id=52ZvAIE-R7YC},
	year={2012},
	publisher={Elsevier Science}
}

@book{Hansen,
	title={Theory of Simple Liquids},
	author={Hansen, J.P. and McDonald, I.R.},
	isbn={9780080455075},
	lccn={2005055205},
	url={https://books.google.com/books?id=Uhm87WZBnxEC},
	year={2006},
	publisher={Elsevier Science}
}

@Article{GROMACS,
	author="Lindahl, Erik
	and Hess, Berk
	and van der Spoel, David",
	title="GROMACS 3.0: a package for molecular simulation and trajectory analysis",
	journal="Molecular modeling annual",
	volume="7",
	number="8",
	pages="306--317",
	doi="10.1007/s008940100045",
}

@book{GSL,
	author = {Gough, Brian},
	title = {GNU Scientific Library Reference Manual - Third Edition},
	year = {2009},
	isbn = {0954612078, 9780954612078},
	edition = {3rd},
	publisher = {Network Theory Ltd.},
}

@article{LAMMPS,
	title = "Fast Parallel Algorithms for Short-Range Molecular Dynamics ",
	journal = "Journal of Computational Physics ",
	volume = "117",
	number = "1",
	pages = "1 - 19",
	year = "1995",
	note = "",
	issn = "0021-9991",
	doi = "http://dx.doi.org/10.1006/jcph.1995.1039",
	author = "Steve Plimpton"
}

@article {nMOLDYN,
	author = {Róg, T. and Murzyn, K. and Hinsen, K. and Kneller, G. R.},
	title = {nMoldyn: A program package for a neutron scattering oriented analysis of molecular dynamics simulations},
	journal = {Journal of Computational Chemistry},
	volume = {24},
	number = {5},
	publisher = {Wiley Subscription Services, Inc., A Wiley Company},
	issn = {1096-987X},
	doi = {10.1002/jcc.10243},
	pages = {657--667},
	keywords = {Molecular Dynamics, neutron scattering, memory function},
	year = {2003},
}


@misc{OpenMP,
	author = {{OpenMP Architecture Review Board}},
	title = {{OpenMP} Application Program Interface Version 3.0},
	month = may,
	year = 2008,
}

@article{BOP_values,
	author = "Wang, Yanting and Teitel, S. and Dellago, Christoph",
	title = "Melting of icosahedral gold nanoclusters from molecular dynamics simulations",
	journal = "The Journal of Chemical Physics",
	year = "2005",
	volume = "122",
	number = "21", 
	eid = 214722,
	pages = "",
}

@book{Squires,
	author = "G. L. Squires",
	title = {Introduction to the Theory of Thermal Neutron Scattering}, 
	publisher = {Cambridge University Press}, 
	year = {2012},
	isbn = {9781139107808}, 
	edition = {Third}, 
	note = {Cambridge Books Online}, 
}

@article{TRAVIS,
	author = {Martin Brehm and Barbara Kirchner},
	title = {TRAVIS - A Free Analyzer and Visualizer for Monte Carlo and Molecular Dynamics Trajectories},
	journal = {Journal of Chemical Information and Modeling},
	volume = {51},
	number = {8},
	pages = {2007-2023},
	year = {2011},
	doi = {10.1021/ci200217w},
	note ={PMID: 21761915},
}

@article{VASP,
	title = {\textit{Ab initio}   molecular dynamics for liquid metals},
	author = {Kresse, G. and Hafner, J.},
	journal = {Physical Review B},
	volume = {47},
	issue = {1},
	pages = {558--561},
	numpages = {0},
	year = {1993},
	month = {Jan},
	publisher = {American Physical Society},
	doi = {10.1103/PhysRevB.47.558},
}

@misc{XDRFILE,
	title = {GROMACS XDRFILE library},
	howpublished = {\url{ftp://ftp.gromacs.org/pub/contrib/xd...e-1.1.1.tar.gz}},
	author = "Spoel, D. and Lindahl, E.",
	note = {Accessed: 2010-09-30}
}

@incollection{EGELSTAFF,
	editor = "EGELSTAFF, P.A. ",
	booktitle = "An Introduction to the Liquid State ",
	publisher = "Academic Press",
	edition = "",
	address = "",
	year = "1967",
	isbn = "978-0-12-395515-9",
	doi = "http://dx.doi.org/10.1016/B978-0-12-395515-9.50006-0",
	author = "P.A. EGELSTAFF"
}

@book{Hansen,
	editor = "Hansen, Jean-Pierre  and McDonald, Ian R. ",
	booktitle = "Theory of Simple Liquids (Third Edition) ",
	publisher = "Academic Press",
	edition = "Third Edition",
	address = "Burlington",
	year = "2006",
	isbn = "978-0-12-370535-8",
	doi = "http://dx.doi.org/10.1016/B978-012370535-8/50003-3",
	author = "Jean-Pierre Hansen and Ian R. McDonald"
}


@book{debenedetti1996metastable,
	title={Metastable Liquids: Concepts and Principles},
	author={Debenedetti, P.G.},
	isbn={9780691085951},
	lccn={96018027},
	series={Physical chemistry : science and engineering},
	url={https://books.google.com/books?id=tzvvsltE6Y8C},
	year={1996},
	publisher={Princeton University Press}
}

@book{askeland2011the,
	title={The Science and Engineering of Materials, SI Edition},
	author={Askeland, D.R. and Fulay, P.P. and Wright, W.J.},
	isbn={9780495668022},
	lccn={2010922628},
	url={https://books.google.com/books?id=fJanis-q6GkC},
	year={2011},
	publisher={Cengage Learning}
}

@book{barrett1973the,
	title={The Principles of Engineering Materials},
	author={Barrett, C.R. and Nix, W.D. and Tetelman, A.S.},
	isbn={9780137093946},
	lccn={lc72008908},
	url={https://books.google.com/books?id=-ZxRAAAAMAAJ},
	year={1973},
	publisher={Prentice-Hall}
}

@book{HANSEN2006v,
	editor = "Hansen, Jean-Pierre  and McDonald, Ian R. ",
	title = "Theory of Simple Liquids (Third Edition) ",
	publisher = "Academic Press",
	edition = "Third Edition",
	address = "Burlington",
	year = "2006",
	isbn = "978-0-12-370535-8",
	doi = "http://dx.doi.org/10.1016/B978-012370535-8/50003-3",
	author = "Jean-Pierre Hansen and Ian R. McDonald"
}

@article{Angelani2000,
	author = {Angelani, L and {Di Leonardo R} and Ruocco, G and Scala, a and Sciortino, F},
	issn = {0031-9007},
	journal = {Physical review letters},
	month = dec,
	number = {25},
	pages = {5356--9},
	pmid = {11135995},
	title = {{Saddles in the energy landscape probed by supercooled liquids.}},
	volume = {85},
	year = {2000}
}
@article{Angell1997,
	author = {Angell, C.a.},
	doi = {10.1016/S0167-2789(97)00077-8},
	issn = {01672789},
	journal = {Physica D: Nonlinear Phenomena},
	month = sep,
	number = {2-4},
	pages = {122--142},
	title = {{Landscapes with megabasins: Polyamorphism in liquids and biopolymers and the role of nucleation in folding and folding diseases}},
	volume = {107},
	year = {1997}
}
@article{Anwar1998,
	author = {Anwar, J. and Boateng, P. K.},
	doi = {10.1021/ja972750n},
	isbn = {0002-7863},
	issn = {00027863},
	journal = {Journal of the American Chemical Society},
	number = {37},
	pages = {9600--9604},
	title = {{Computer simulation of crystallization from solution}},
	volume = {120},
	year = {1998}
}
@article{Baidakov2011,
	author = {Baidakov, Vladimir G. and Bobrov, Konstantin S. and Teterin, Aleksey S.},
	doi = {10.1063/1.3623587},
	issn = {00219606},
	journal = {Journal of Chemical Physics},
	number = {5},
	pmid = {21823717},
	title = {{Cavitation and crystallization in a metastable Lennard-Jones liquid at negative pressures and low temperatures}},
	volume = {135},
	year = {2011}
}
@article{Baidakov2010,
	author = {Baidakov, Vladimir G. and Tipeev, Azat O. and Bobrov, Konstantin S. and Ionov, Gennady V.},
	doi = {10.1063/1.3439585},
	issn = {00219606},
	journal = {Journal of Chemical Physics},
	number = {23},
	pmid = {20572719},
	title = {{Crystal nucleation rate isotherms in Lennard-Jones liquids}},
	volume = {132},
	year = {2010}
}

@article{Braig2011,
	author = {Kawasaki, Takeshi and Tanaka, Hajime}, 
	title = {Formation of a crystal nucleus from liquid},
	volume = {107}, 
	number = {32}, 
	pages = {14036-14041}, 
	year = {2010}, 
	doi = {10.1073/pnas.1001040107}, 
	journal = {Proceedings of the National Academy of Sciences} 
}
@article{Cavagna2009,
	archivePrefix = {arXiv},
	arxivId = {0903.4264},
	author = {Cavagna, Andrea},
	doi = {10.1016/j.physrep.2009.03.003},
	eprint = {0903.4264},
	isbn = {03701573},
	issn = {03701573},
	journal = {Physics Reports},
	number = {4-6},
	pages = {51--124},
	title = {{Supercooled liquids for pedestrians}},
	volume = {476},
	year = {2009}
}
@article{Chang1998,
	author = {Chang, H K and Kim, S G and Cheong, B and Kim, W M and Chung, M and Lee, T S and Lee, J K},
	doi = {10.1007/BF03025988},
	issn = {1225-9438},
	journal = {Metals and Materials},
	number = {6},
	pages = {1143--1151},
	title = {{A molecular dynamics study on the liquid-amorphous-crystalline transition in a Lennard-Jonesian FCC system: I. bulk crystal}},
	volume = {4},
	year = {1998}
}
@article{Chen2008,
	author = {Chen, Bin and Kim, Hyunmi and Keasler, Samuel J. and Nellas, Ricky B.},
	doi = {10.1021/jp709693g},
	issn = {15206106},
	journal = {Journal of Physical Chemistry B},
	number = {13},
	pages = {4067--4078},
	pmid = {18335920},
	title = {{An aggregation-volume-bias monte carlo investigation on the condensation of a lennard-jones vapor Below the triple point and crystal nucleation in cluster systems: An in-depth evaluation of the classical nucleation theory}},
	volume = {112},
	year = {2008}
}
@article{Chkonia2009,
	author = {Chkonia, Guram and W\"{o}lk, Judith and Strey, Reinhard and Wedekind, Jan and Reguera, David},
	doi = {10.1063/1.3072794},
	issn = {00219606},
	journal = {Journal of Chemical Physics},
	number = {6},
	pmid = {19222282},
	title = {{Evaluating nucleation rates in direct simulations}},
	volume = {130},
	year = {2009}
}
@article{Chopra2006,
	author = {Chopra, Manan and M??ller, Marcus and {De Pablo}, J. J.},
	doi = {10.1063/1.2178324},
	issn = {00219606},
	journal = {Journal of Chemical Physics},
	number = {13},
	pmid = {16613444},
	title = {{Order-parameter-based Monte Carlo simulation of crystallization}},
	volume = {124},
	year = {2006}
}
@article{Darkins2013,
	author = {Darkins, Robert and C\^{o}t\'{e}, Alexander S. and Freeman, Colin L. and Duffy, Dorothy M.},
	doi = {10.1016/j.jcrysgro.2012.12.027},
	issn = {00220248},
	journal = {Journal of Crystal Growth},
	pages = {110--114},
	title = {{Crystallisation rates of calcite from an amorphous precursor in confinement}},
	volume = {367},
	year = {2013}
}
@article{Davidchack2003,
	archivePrefix = {arXiv},
	arxivId = {cond-mat/0301160},
	author = {Davidchack, Ruslan L. and Laird, Brian B.},
	doi = {10.1063/1.1563248},
	eprint = {0301160},
	isbn = {0021-9606},
	issn = {00219606},
	journal = {Journal of Chemical Physics},
	number = {16},
	pages = {7651--7657},
	primaryClass = {cond-mat},
	title = {{Direct calculation of the crystal-melt interfacial free energies for continuous potentials: Application to the Lennard-Jones system}},
	volume = {118},
	year = {2003}
}
@article{Davies,
	author = {Davies, Simon},
	pages = {1--15},
	title = {{Nucleation Theory : A Literature Review and Applications to Nucleation Rates of Natural Gas Hydrates}}
}
@article{DeYoreo2016,
	author = {{De Yoreo}, Jim and Whitelam, Stephen},
	doi = {10.1557/mrs.2016.91},
	issn = {0883-7694},
	journal = {MRS Bulletin},
	number = {05},
	pages = {357--360},
	title = {{Nucleation in atomic, molecular, and colloidal systems}},
	volume = {41},
	year = {2016}
}

@article{De2014,
	title = {Relation between the Dynamics of Glassy Clusters and Characteristic Features of their Energy Landscape},
	author = {De, Sandip and Schaefer, Bastian and Sadeghi, Ali and Sicher, Michael and Kanhere, D. G. and Goedecker, Stefan},
	journal = {Physical Review Letters},
	volume = {112},
	issue = {8},
	pages = {083401},
	numpages = {5},
	year = {2014},
	month = {Feb},
	publisher = {American Physical Society},
	doi = {10.1103/PhysRevLett.112.083401},
	url = {http://link.aps.org/doi/10.1103/PhysRevLett.112.083401}
}

@article{Debenedetti2001,
	author = {Debenedetti, Pablo G and Truskett, Thomas M and Lewis, Catherine P and Stillinger, Frank H},
	doi = {10.1016/S0065-2377(01)28003-X},
	isbn = {0120085283},
	issn = {00652377},
	journal = {Advances in Chemical Engineering},
	pages = {21--79},
	title = {{Theory of supercooled liquids and glasses: Energy landscape and statistical geometry perspectives}},
	volume = {28},
	year = {2001}
}
@article{Delhommelle2011,
	author = {Delhommelle, J},
	doi = {10.1080/08927022.2011.566611},
	isbn = {0892-7022},
	issn = {0892-7022},
	journal = {Molecular Simulation},
	number = {7},
	pages = {613--620},
	pmid = {291423500009},
	title = {{Crystal nucleation and growth from supercooled melts}},
	volume = {37},
	year = {2011}
}
@article{Desgranges2007,
	author = {Desgranges, Caroline and Delhommelle, Jerome},
	doi = {10.1103/PhysRevLett.98.235502},
	isbn = {0031-9007 (Print)$\backslash$r0031-9007 (Linking)},
	issn = {00319007},
	journal = {Physical Review Letters},
	number = {23},
	pages = {1--4},
	pmid = {17677916},
	title = {{Controlling polymorphism during the crystallization of an atomic fluid}},
	volume = {98},
	year = {2007}
}
@article{Dexter2009,
	author = "Dexter, A. R. and Matheson, A. J.",
	title = "Elastic Moduli and Stress Relaxation Times in Liquid Argon",
	journal = "The Journal of Chemical Physics",
	year = "1971",
	volume = "54",
	number = "1", 
	pages = "203-208",
	url = "http://scitation.aip.org/content/aip/journal/jcp/54/1/10.1063/1.1674594",
	doi = "http://dx.doi.org/10.1063/1.1674594" 
}

@article{Dornbierer2006,
	author = {Dornbierer, Federica Trudu},
	doi = {10.3929/ethz-a-005396876},
	number = {16869},
	title = {{Computer simulation study of homogeneous nucleation in a Lennard-Jones fluid}},
	volume = {109},
	year = {2006}
}
@book{Dubrovskii2014,
	author = {Dubrovskii, Vladimir G.},
	doi = {10.1007/978-3-642-39660-1},
	isbn = {978-3-642-39659-5},
	pages = {300--600},
	title = {{Nucleation theory and growth of nanostructures}},
	year = {2014}
}
@article{Espinosa2016,
	author = {Espinosa, Jorge R. and Vega, Carlos and Valeriani, Chantal and Sanz, Eduardo},
	doi = {10.1063/1.4939641},
	issn = {00219606},
	journal = {Journal of Chemical Physics},
	number = {3},
	pmid = {26801035},
	title = {{Seeding approach to crystal nucleation}},
	volume = {144},
	year = {2016}
}
@article{Fan2010,
	author = {Fan, Yue and Kushima, Akihiro and Yildiz, Bilge},
	doi = {10.1103/PhysRevB.81.104102},
	issn = {1098-0121},
	journal = {Physical Review B},
	month = mar,
	number = {10},
	pages = {104102},
	title = {{Unfaulting mechanism of trapped self-interstitial atom clusters in bcc Fe: A kinetic study based on the potential energy landscape}},
	volume = {81},
	year = {2010}
}
@article{Gasser2001,
	author = {Gasser, U and Weeks, E R and Schofield, a and Pusey, P N and Weitz, D a},
	doi = {10.1126/science.1058457},
	isbn = {0036-8075},
	issn = {00368075},
	journal = {Science (New York, N.Y.)},
	number = {5515},
	pages = {258--262},
	pmid = {11303095},
	title = {{Real-space imaging of nucleation and growth in colloidal crystallization.}},
	volume = {292},
	year = {2001}
}
@article{Giberti2015,
	author = {Giberti, Federico and Salvalaglio, Matteo and Parrinello, Michele},
	doi = {10.1107/S2052252514027626},
	issn = {20522525},
	journal = {IUCrJ},
	pages = {256--266},
	pmid = {25866662},
	publisher = {International Union of Crystallography},
	title = {{Metadynamics studies of crystal nucleation}},
	volume = {2},
	year = {2015}
}
@article{Goedecker2004,
	archivePrefix = {arXiv},
	arxivId = {cond-mat/0402136},
	author = {Goedecker, Stefan},
	doi = {10.1063/1.1724816},
	eprint = {0402136},
	isbn = {0021-9606},
	issn = {00219606},
	journal = {Journal of Chemical Physics},
	number = {21},
	pages = {9911--9917},
	pmid = {15268009},
	primaryClass = {cond-mat},
	title = {{Minima hopping: An efficient search method for the global minimum of the potential energy surface of complex molecular systems}},
	volume = {120},
	year = {2004}
}
@article{Goldstein1969,
	author = {Goldstein, M},
	doi = {10.1063/1.1672587},
	isbn = {0021-9606},
	issn = {00219606},
	journal = {The Journal of Chemical Physics},
	number = {9},
	pages = {3728--3739},
	pmid = {15636},
	title = {{Viscous Liquids and the Glass Transition: A Potential Energy Barrier Picture}},
	volume = {51},
	year = {1969}
}
@article{Haji-Akbari2015,
	author = {Haji-Akbari, Amir and Debenedetti, Pablo G},
	doi = {10.1073/pnas.1509267112},
	issn = {1091-6490},
	journal = {Proceedings of the National Academy of Sciences},
	number = {34},
	pages = {10582--8},
	pmid = {26240318},
	title = {{Direct calculation of ice homogeneous nucleation rate for a molecular model of water.}},
	volume = {112},
	year = {2015}
}


@article{Hansen1969,
	title = {Phase Transitions of the Lennard-Jones System},
	author = {Hansen, Jean-Pierre and Verlet, Loup},
	journal = {Physical Review},
	volume = {184},
	issue = {1},
	pages = {151--161},
	numpages = {0},
	year = {1969},
	month = {Aug},
	publisher = {American Physical Society},
	doi = {10.1103/PhysRev.184.151},
	url = {http://link.aps.org/doi/10.1103/PhysRev.184.151}
}
@article{Hill2016,
	author = {Hill, Joanne and Mulholland, Gregory and Persson, Kristin and Seshadri, Ram and Wolverton, Chris and Meredig, Bryce},
	doi = {10.1557/mrs.2016.93},
	issn = {0883-7694},
	journal = {MRS Bulletin},
	number = {05},
	pages = {399--409},
	title = {{Materials science with large-scale data and informatics: Unlocking new opportunities}},
	volume = {41},
	year = {2016}
}
@article{Huitema2000,
	author = {Huitema, H. E a and {Van der Eerden}, J. P. and Janssen, J. J M and Human, H.},
	doi = {10.1103/PhysRevB.62.14690},
	isbn = {0163-1829},
	issn = {01631829},
	journal = {Physical Review B - Condensed Matter and Materials Physics},
	number = {22},
	pages = {14690--14702},
	title = {{Thermodynamics and kinetics of homogeneous crystal nucleation studied by computer simulation}},
	volume = {62},
	year = {2000}
}
@article{Iland2004,
	author = {Iland, Kristina and Wedekind, Jan and W\"{o}lk, Judith and Wagner, Paul E. and Strey, Reinhard},
	doi = {10.1063/1.1809115},
	isbn = {0021-9606},
	issn = {00219606},
	journal = {Journal of Chemical Physics},
	number = {24},
	pages = {12259--12264},
	pmid = {15606243},
	title = {{Homogeneous nucleation rates of 1-pentanol}},
	volume = {121},
	year = {2004}
}
@article{Itoh1998,
	author = {Itoh, Masayuki},
	doi = {10.4164/sptj.35.514},
	isbn = {9783540292135},
	issn = {0386-6157},
	journal = {Journal of the Society of Powder Technology, Japan},
	number = {7},
	pages = {514--519},
	title = {{Classical Nucleation Theory.}},
	volume = {35},
	year = {1998}
}
@article{Jungblut2011,
	author = {Jungblut, Swetlana and Dellago, Christoph},
	doi = {10.1063/1.3556664},
	isbn = {00219606 (ISSN)},
	issn = {00219606},
	journal = {Journal of Chemical Physics},
	number = {10},
	pmid = {21405169},
	title = {{Crystallization of a binary Lennard-Jones mixture}},
	volume = {134},
	year = {2011}
}
@article{Khrapak2010,
	author = {Khrapak, Sergey a. and Chaudhuri, Manis and Morfill, Gregor E.},
	doi = {10.1103/PhysRevB.82.052101},
	issn = {10980121},
	journal = {Physical Review B - Condensed Matter and Materials Physics},
	number = {5},
	pages = {1--3},
	title = {{Liquid-solid phase transition in the Lennard-Jones system}},
	volume = {82},
	year = {2010}
}
@article{Kushima2009,
	author = {Kushima, Akihiro and Lin, Xi and Li, Ju and Eapen, Jacob and Mauro, John C and Qian, Xiaofeng and Diep, Phong and Yip, Sidney},
	doi = {10.1063/1.3139006},
	issn = {1089-7690},
	journal = {The Journal of chemical physics},
	month = jul,
	number = {22},
	pages = {224504},
	pmid = {19530777},
	title = {{Computing the viscosity of supercooled liquids.}},
	volume = {130},
	year = {2009}
}
@article{Kushima2009a,
	author = {Kushima, Akihiro and Lin, Xi and Li, Ju and Qian, Xiaofeng and Eapen, Jacob and Mauro, John C and Diep, Phong and Yip, Sidney},
	doi = {10.1063/1.3243854},
	institution = {Department of Nuclear Science and Engineering, Massachusetts Institute of Technology, Cambridge, Massachusetts 02139, USA. kushima@mit.edu},
	issn = {1089-7690},
	journal = {The Journal of chemical physics},
	month = oct,
	number = {16},
	pages = {164505},
	pmid = {19894954},
	title = {{Computing the viscosity of supercooled liquids. II. Silica and strong-fragile crossover behavior.}},
	volume = {131},
	year = {2009}
}
@article{Laboratories1992,
	author = {Laboratories, Sandia National and Ni, De},
	journal = {Acta Metallurgica},
	number = {2},
	pages = {205--219},
	title = {{Overview No . 96 Evolution of F . C . C . D E F O R M a T I O N Structures in Polyslip}},
	volume = {40},
	year = {1992}
}
@article{Lechner2008,
	archivePrefix = {arXiv},
	arxivId = {arXiv:0806.3345v1},
	author = {Lechner, Wolfgang and Dellago, Christoph},
	doi = {10.1063/1.2977970},
	eprint = {arXiv:0806.3345v1},
	isbn = {0021-9606},
	issn = {00219606},
	journal = {Journal of Chemical Physics},
	number = {11},
	pmid = {19044980},
	title = {{Accurate determination of crystal structures based on averaged local bond order parameters}},
	volume = {129},
	year = {2008}
}
@article{Lechner2011,
	author = {Lechner, Wolfgang and Dellago, Christoph and Bolhuis, Peter G.},
	doi = {10.1103/PhysRevLett.106.085701},
	isbn = {1079-7114 (Electronic)\$\backslash\$r0031-9007 (Linking)},
	issn = {00319007},
	journal = {Physical Review Letters},
	number = {8},
	pages = {1--4},
	pmid = {21405585},
	title = {{Role of the prestructured surface cloud in crystal nucleation}},
	volume = {106},
	year = {2011}
}
@article{Lechner2010,
	author = {Lechner, Wolfgang and Rogal, Jutta and Juraszek, Jarek and Ensing, Bernd and Bolhuis, Peter G.},
	doi = {10.1063/1.3491818},
	isbn = {0021-9606},
	issn = {00219606},
	journal = {Journal of Chemical Physics},
	number = {17},
	pages = {1--12},
	pmid = {21054009},
	title = {{Nonlinear reaction coordinate analysis in the reweighted path ensemble}},
	volume = {133},
	year = {2010}
}
@article{Lohmann2013,
	author = {Lohmann, Ulrike},
	pages = {1--30},
	title = {{Homogeneous and heterogeneous nucleation Energy}},
	volume = {v},
	year = {2013}
}
@article{Lubchenko2007,
	author = {Lubchenko, Vassiliy and Wolynes, Peter G},
	doi = {10.1146/annurev.physchem.58.032806.104653},
	issn = {0066-426X},
	journal = {Annual review of physical chemistry},
	month = jan,
	pages = {235--66},
	pmid = {17067282},
	title = {{Theory of structural glasses and supercooled liquids.}},
	volume = {58},
	year = {2007}
}
@article{Lundrigan2009,
	author = {Lundrigan, Sarah E M and Saika-Voivod, Ivan},
	doi = {10.1063/1.3216867},
	issn = {00219606},
	journal = {Journal of Chemical Physics},
	number = {10},
	title = {{Test of classical nucleation theory and mean first-passage time formalism on crystallization in the Lennard-Jones liquid}},
	volume = {131},
	year = {2009}
}
@article{Luo2004,
	author = {Luo, Sheng Nian and Strachan, Alejandro and Swift, Damian C.},
	doi = {10.1063/1.1755655},
	issn = {00219606},
	journal = {Journal of Chemical Physics},
	number = {24},
	pages = {11640--11649},
	pmid = {15268198},
	title = {{Nonequilibrium melting and crystallization of a model Lennard-Jones system}},
	volume = {120},
	year = {2004}
}
@article{Luo2007,
	author = {Luo, Sheng Nian and Zheng, Lianqing and Strachan, Alejandro and Swift, Damian C.},
	doi = {10.1063/1.2424715},
	issn = {00219606},
	journal = {Journal of Chemical Physics},
	number = {3},
	pmid = {17249882},
	title = {{Melting dynamics of superheated argon: Nucleation and growth}},
	volume = {126},
	year = {2007}
}
@article{Lutsko2012,
	archivePrefix = {arXiv},
	arxivId = {arXiv:1208.3220v1},
	author = {Lutsko, Jf and Dur\'{a}n-Olivencia, Ma},
	eprint = {arXiv:1208.3220v1},
	journal = {arXiv preprint arXiv:1208.3220},
	title = {{Classical nucleation theory from a dynamical approach to nucleation}},
	year = {2012}
}
@article{Maeda2005,
	author = {Maeda, Kouji and Asakuma, Yusuke and Fukui, Keisuke},
	doi = {10.1016/j.molliq.2005.01.008},
	issn = {01677322},
	journal = {Journal of Molecular Liquids},
	number = {1-3},
	pages = {43--48},
	title = {{Configurations of solute molecules from homogeneous binary solution during crystallization on molecular dynamics simulations}},
	volume = {122},
	year = {2005}
}
@article{Malek2015,
	archivePrefix = {arXiv},
	arxivId = {1407.5899},
	author = {Malek, Shahrazad M a and Morrow, Gregory P. and Saika-Voivod, Ivan},
	doi = {10.1063/1.4915917},
	eprint = {1407.5899},
	issn = {00219606},
	journal = {Journal of Chemical Physics},
	number = {12},
	title = {{Crystallization of Lennard-Jones nanodroplets: From near melting to deeply supercooled}},
	volume = {142},
	year = {2015}
}
@article{Malek2015a,
	archivePrefix = {arXiv},
	arxivId = {1407.5899},
	author = {Malek, Shahrazad M a and Morrow, Gregory P. and Saika-Voivod, Ivan},
	doi = {10.1063/1.4915917},
	eprint = {1407.5899},
	issn = {00219606},
	journal = {Journal of Chemical Physics},
	number = {12},
	title = {{Crystallization of Lennard-Jones nanodroplets: From near melting to deeply supercooled}},
	volume = {142},
	year = {2015}
}
@article{Medvedev2006,
	author = {Medvedev, N N},
	journal = {Text},
	number = {2},
	pages = {273--282},
	title = {{Structural Analysis Based on Delaunay}},
	volume = {47},
	year = {2006}
}
@book{Melorose2015,
	title={Computer Simulations in Condensed Matter: From Materials to Chemical Biology},
	author={Ferrario, M. and Ciccotti, G. and Binder, K.},
	number={v. 2},
	isbn={9783642071232},
	series={Lecture Notes in Physics},
	url={https://books.google.com/books?id=uiWhcQAACAAJ},
	year={2010},
	publisher={Springer Berlin Heidelberg}
}
@article{Middleton2001,
	author = {Middleton, Thomas and Wales, David},
	doi = {10.1103/PhysRevB.64.024205},
	isbn = {0163-1829$\backslash$n1095-3795},
	issn = {0163-1829},
	journal = {Physical Review B},
	number = {2},
	pages = {1--20},
	title = {{Energy landscapes of some model glass formers}},
	volume = {64},
	year = {2001}
}
@article{Nilsson2015,
	author = {Nilsson, Anders and Pettersson, Lars G M},
	doi = {10.1038/ncomms9998},
	isbn = {doi:10.1038/ncomms9998},
	issn = {2041-1723},
	journal = {Nature communications},
	pages = {8998},
	pmid = {26643439},
	publisher = {Nature Publishing Group},
	title = {{The structural origin of anomalous properties of liquid water.}},
	volume = {6},
	year = {2015}
}
@article{Oxtoby1992,
	author = {Oxtoby, David W},
	doi = {10.1088/0953-8984/4/38/001},
	isbn = {0953-8984},
	issn = {0953-8984},
	journal = {Journal of Physics: Condensed Matter},
	number = {38},
	pages = {7627--7650},
	title = {{Homogeneous nucleation: theory and experiment}},
	volume = {4},
	year = {1992}
}
@article{Peng2010,
	author = {Peng, Lu Jian and Morris, James R. and Aga, Rachel S.},
	doi = {10.1063/1.3472301},
	isbn = {1089-7690 (Electronic)$\backslash$r0021-9606 (Linking)},
	issn = {00219606},
	journal = {Journal of Chemical Physics},
	number = {8},
	pmid = {20815578},
	title = {{A parameter-free prediction of simulated crystal nucleation times in the Lennard-Jones system: From the steady-state nucleation to the transient time regime}},
	volume = {133},
	year = {2010}
}
@article{Pickering1997,
	author = {Pickering, Steven and Snook, Ian},
	pages = {297--304},
	title = {{of Metastable Fluids}},
	volume = {240},
	year = {1997}
}
@article{Polak2013,
	author = {Polak, W.},
	doi = {10.1016/j.comptc.2013.08.006},
	issn = {2210271X},
	journal = {Computational and Theoretical Chemistry},
	pages = {268--274},
	publisher = {Elsevier B.V.},
	title = {{Structural properties of solid nuclei forming in Lennard-Jones clusters during simulated cooling}},
	volume = {1021},
	year = {2013}
}
@article{Prestipino2012,
	archivePrefix = {arXiv},
	arxivId = {arXiv:1206.3849v1},
	author = {Prestipino, Santi and Laio, Alessandro and Tosatti, Erio},
	doi = {10.1103/PhysRevLett.108.225701},
	eprint = {arXiv:1206.3849v1},
	isbn = {0031-9007 1079-7114},
	issn = {00319007},
	journal = {Physical Review Letters},
	number = {22},
	pmid = {23003623},
	title = {{Systematic improvement of classical nucleation theory}},
	volume = {108},
	year = {2012}
}
@misc{Pruppacher1995,
	author = {Pruppacher, H R},
	booktitle = {Journal of the Atmospheric Sciences},
	doi = {10.1175/1520-0469(1995)052<1924:ANLAHI>2.0.CO;2},
	isbn = {0022-4928},
	issn = {0022-4928},
	number = {11},
	pages = {1924--1933},
	title = {{A New Look at Homogeneous Ice Nucleation in Supercooled Water Drops}},
	volume = {52},
	year = {1995}
}
@article{Punnathanam2006,
	author = {Punnathanam, S. and Monson, P. a.},
	doi = {10.1063/1.2208998},
	isbn = {0021-9606},
	issn = {00219606},
	journal = {Journal of Chemical Physics},
	number = {2},
	title = {{Crystal nucleation in binary hard sphere mixtures: A Monte Carlo simulation study}},
	volume = {125},
	year = {2006}
}
@article{Quigley2008,
	author = {Quigley, D. and Rodger, P. M.},
	doi = {10.1063/1.2888999},
	isbn = {doi:10.1063/1.2888999},
	issn = {00219606},
	journal = {Journal of Chemical Physics},
	number = {15},
	pmid = {18433246},
	title = {{Metadynamics simulations of ice nucleation and growth}},
	volume = {128},
	year = {2008}
}
@article{Quigley2009,
	author = {Quigley, D. and Rodger, P.M.},
	doi = {10.1080/08927020802647280},
	isbn = {0892702080264},
	issn = {0892-7022},
	journal = {Molecular Simulation},
	number = {7},
	pages = {613--623},
	title = {{A metadynamics-based approach to sampling crystallisation events}},
	volume = {35},
	year = {2009}
}
@article{Quigley2009a,
	author = {Quigley, D. and Rodger, P.M.},
	doi = {10.1080/08927020802647280},
	isbn = {0892702080264},
	issn = {0892-7022},
	journal = {Molecular Simulation},
	number = {7},
	pages = {613--623},
	title = {{A metadynamics-based approach to sampling crystallisation events}},
	volume = {35},
	year = {2009}
}
@article{Rate,
	author = {Rate, About Nucleation},
	pages = {1--5},
	title = {{Lecture 14 : Rate of Nucleation}}
}
@article{Reguera2013,
	author = {Reguera, David},
	doi = {10.1063/1.4803192},
	isbn = {9780735411524},
	issn = {0094243X},
	journal = {AIP Conference Proceedings},
	number = {2013},
	pages = {9--14},
	title = {{How far is classical nucleation theory from predicting nucleation rates accurately?}},
	volume = {1527},
	year = {2013}
}
@article{ReintenWolde1996,
	author = {{Rein ten Wolde}, Pieter and Ruiz-Montero, Maria J. and Frenkel, Daan},
	doi = {10.1063/1.471721},
	isbn = {0021-9606},
	issn = {00219606},
	journal = {The Journal of Chemical Physics},
	number = {24},
	pages = {9932},
	title = {{Numerical calculation of the rate of crystal nucleation in a Lennard-Jones system at moderate undercooling}},
	volume = {104},
	year = {1996}
}
@article{Robles2003,
	archivePrefix = {arXiv},
	arxivId = {cond-mat/0203603},
	author = {Robles, M. and {L\'{o}pez de Haro}, M.},
	doi = {10.1209/epl/i2003-00362-7},
	eprint = {0203603},
	issn = {02955075},
	journal = {Europhysics Letters},
	number = {1},
	pages = {56--62},
	primaryClass = {cond-mat},
	title = {{On the liquid-glass transition line in monatomic Lennard-Jones fluids}},
	volume = {62},
	year = {2003}
}
@article{Royall2015,
	archivePrefix = {arXiv},
	arxivId = {1405.5691},
	author = {Royall, C. Patrick and Williams, Stephen R.},
	doi = {10.1016/j.physrep.2014.11.004},
	eprint = {1405.5691},
	issn = {03701573},
	journal = {Physics Reports},
	pages = {1--75},
	title = {{The role of local structure in dynamical arrest}},
	volume = {560},
	year = {2015}
}
@article{Russo2016,
	author = {Russo, John and Tanaka, Hajime},
	doi = {10.1557/mrs.2016.84},
	issn = {0883-7694},
	journal = {MRS Bulletin},
	number = {05},
	pages = {369--374},
	title = {{Nonclassical pathways of crystallization in colloidal systems}},
	volume = {41},
	year = {2016}
}
@article{Saika-Voivod2009,
	author = {Saika-Voivod, Ivan and Bowles, Richard K. and Poole, Peter H.},
	doi = {10.1103/PhysRevLett.103.225701},
	issn = {00319007},
	journal = {Physical Review Letters},
	number = {22},
	pages = {1--4},
	pmid = {20366108},
	title = {{Crystal nucleation in a supercooled liquid with glassy dynamics}},
	volume = {103},
	year = {2009}
}
@article{Sanz2013,
	archivePrefix = {arXiv},
	arxivId = {arXiv:1312.0822v1},
	author = {Sanz, E. and Vega, C. and Espinosa, J. R. and Caballero-Bernal, R. and Abascal, J. L F and Valeriani, C.},
	doi = {10.1021/ja4028814},
	eprint = {arXiv:1312.0822v1},
	isbn = {0002-7863},
	issn = {00027863},
	journal = {Journal of the American Chemical Society},
	number = {40},
	pages = {15008--15017},
	pmid = {24010583},
	title = {{Homogeneous ice nucleation at moderate supercooling from molecular simulation}},
	volume = {135},
	year = {2013}
}
@article{Sastry1998,
	author = {Sastry, Srikanth and Debenedetti, Pablo G. and Stillinger, Frank H.},
	doi = {10.1038/31189},
	issn = {0028-0836},
	journal = {Nature},
	month = jun,
	number = {6685},
	pages = {554--557},
	title = {{Signatures of distinct dynamical regimes in the energy landscape of a glass-forming liquid}},
	volume = {393},
	year = {1998}
}
@book{Schmelzer2005,
	title={Nucleation Theory and Applications},
	author={Schmelzer, J.W.P.},
	isbn={9783527604760},
	url={https://books.google.com/books?id=1V2lUqF7kKAC},
	year={2006},
	publisher={Wiley}
}
@article{Schoen2005,
	author = {Schoen, P. a E and Poulikakos, D. and Arcidiacono, S.},
	doi = {10.1103/PhysRevE.71.041602},
	isbn = {1063-651X},
	issn = {15393755},
	journal = {Physical Review E - Statistical, Nonlinear, and Soft Matter Physics},
	number = {4},
	pages = {1--9},
	title = {{Phase change of a confined subcooled simple liquid in a nanoscale cavity}},
	volume = {71},
	year = {2005}
}
@article{Sear2016,
	author = {Sear, Richard},
	doi = {10.1557/mrs.2016.88},
	issn = {0883-7694},
	journal = {MRS Bulletin},
	number = {05},
	pages = {363--368},
	title = {{What do crystals nucleate on? What is the microscopic mechanism? How can we model nucleation?}},
	volume = {41},
	year = {2016}
}
@article{Shell2003,
	author = {Shell, M. Scott and Debenedetti, Pablo G. and {La Nave}, Emilia and Sciortino, Francesco},
	doi = {10.1063/1.1566943},
	issn = {00219606},
	journal = {The Journal of Chemical Physics},
	number = {19},
	pages = {8821},
	title = {{Energy landscapes, ideal glasses, and their equation of state}},
	volume = {118},
	year = {2003}
}
@article{Shen1996,
	author = {Shen, Y C and Oxtoby, D W},
	doi = {10.1063/1.472461},
	issn = {00219606},
	journal = {Journal of Chemical Physics},
	number = {15},
	pages = {6517--6524},
	title = {{\{N\}ucleation of \{L\}ennard-\{J\}ones fluids: \{A\} density functional approach}},
	volume = {105},
	year = {1996}
}
@article{Tanaka2011,
	author = {Tanaka, Kyoko K. and Tanaka, Hidekazu and Yamamoto, Tetsuo and Kawamura, Katsuyuki},
	doi = {10.1063/1.3593459},
	issn = {00219606},
	journal = {Journal of Chemical Physics},
	number = {20},
	pmid = {21639446},
	title = {{Molecular dynamics simulations of nucleation from vapor to solid composed of Lennard-Jones molecules}},
	volume = {134},
	year = {2011}
}
@article{Thi2014,
	author = {Thi, Ta and Huong, Thuy and Hoang, Vo Van and Ngoc, Phan and Cat, Khuong and City-vietnam, Hochiminh},
	doi = {10.1051/epjap/2014140033},
	pages = {1--8},
	title = {{Molecular Dynamics Simulations of Crystallization of Lennard-Jones Nanoparticles}},
	year = {2014}
}
@article{Toxvaerd2009,
	archivePrefix = {arXiv},
	arxivId = {0811.1117},
	author = {Toxvaerd, S??ren and Pedersen, Ulf R. and Schr??der, Thomas B. and Dyre, Jeppe C.},
	doi = {10.1063/1.3144049},
	eprint = {0811.1117},
	issn = {00219606},
	journal = {Journal of Chemical Physics},
	number = {22},
	pages = {0--8},
	pmid = {19530774},
	title = {{Stability of supercooled binary liquid mixtures}},
	volume = {130},
	year = {2009}
}
@article{Trudu2006,
	author = {Trudu, Federica and Donadio, Davide and Parrinello, Michele},
	doi = {10.1103/PhysRevLett.97.105701},
	isbn = {0031-9007},
	issn = {00319007},
	journal = {Physical Review Letters},
	number = {10},
	pages = {1--4},
	pmid = {17025828},
	title = {{Freezing of a Lennard-Jones fluid: From nucleation to spinodal regime}},
	volume = {97},
	year = {2006}
}
@article{Us1992,
	author = {Us, Contact},
	journal = {Search},
	title = {{Homogeneous nucleation: theory and experiment}},
	volume = {7627},
	year = {1992}
}
@article{VanDeWaal1991,
	author = {{Van De Waal}, Benjamin W.},
	doi = {10.1103/PhysRevLett.67.3263},
	issn = {00319007},
	journal = {Physical Review Letters},
	number = {23},
	pages = {3263--3266},
	title = {{Can the Lennard-Jones solid be expected to be fcc?}},
	volume = {67},
	year = {1991}
}
@article{VanMeel2008,
	author = {{Van Meel}, J. a. and Page, a. J. and Sear, R. P. and Frenkel, D.},
	doi = {10.1063/1.3026364},
	isbn = {0021-9606},
	issn = {00219606},
	journal = {Journal of Chemical Physics},
	number = {20},
	pmid = {19045871},
	title = {{Two-step vapor-crystal nucleation close below triple point}},
	volume = {129},
	year = {2008}
}
@book{Vehkamaki2006,
	title={Classical Nucleation Theory in Multicomponent Systems},
	author={Vehkam{\"a}ki, H.},
	isbn={9783540312185},
	lccn={2005934783},
	url={https://books.google.com/books?id=EWK4k\_jHYl8C},
	year={2006},
	publisher={Springer Berlin Heidelberg}
}
@article{Vekilov2016,
	author = {Vekilov, Peter G. and Chung, Sungwook and Olafson, Katy N.},
	doi = {10.1557/mrs.2016.87},
	issn = {0883-7694},
	journal = {MRS Bulletin},
	number = {May},
	pages = {375},
	title = {{Shape  change  in  crystallization of biological macromolecules}},
	volume = {41},
	year = {2016}
}
@article{Wales2012,
	author = {Wales, David J},
	doi = {10.1098/rsta.2011.0208},
	issn = {1364-503X},
	journal = {Philosophical transactions. Series A, Mathematical, physical, and engineering sciences},
	month = jun,
	number = {1969},
	pages = {2877--99},
	pmid = {22615466},
	title = {{Decoding the energy landscape: extracting structure, dynamics and thermodynamics.}},
	volume = {370},
	year = {2012}
}
@article{Wang2007,
	archivePrefix = {arXiv},
	arxivId = {0706.0328},
	author = {Wang, Hui and Gould, Harvey and Klein, W.},
	doi = {10.1103/PhysRevE.76.031604},
	eprint = {0706.0328},
	issn = {15393755},
	journal = {Physical Review E - Statistical, Nonlinear, and Soft Matter Physics},
	number = {3},
	pages = {1--9},
	pmid = {17930253},
	title = {{Homogeneous and heterogeneous nucleation of Lennard-Jones liquids}},
	volume = {76},
	year = {2007}
}
@article{Wang2014,
	archivePrefix = {arXiv},
	arxivId = {1402.2021},
	author = {Wang, Lijin and Xu, Ning},
	doi = {10.1103/PhysRevLett.112.055701},
	eprint = {1402.2021},
	issn = {00319007},
	journal = {Physical Review Letters},
	number = {5},
	pages = {1--5},
	title = {{Probing the glass transition from structural and vibrational properties of zero-temperature glasses}},
	volume = {112},
	year = {2014}
}
@article{Wedekind2008,
	author = {Wedekind, Jan and Reguera, David},
	doi = {10.1021/jp804014h},
	isbn = {1520-6106},
	issn = {15206106},
	journal = {Journal of Physical Chemistry B},
	number = {35},
	pages = {11060--11063},
	pmid = {18693697},
	title = {{Kinetic reconstruction of the free-energy landscape}},
	volume = {112},
	year = {2008}
}
@article{Weinberg2002,
	author = {Weinberg, Michael C. and Poisl, W. Howard and Granasy, Laszlo},
	doi = {10.1016/S1631-0748(02)01433-9},
	issn = {16310748},
	journal = {Comptes Rendus Chimie},
	number = {11},
	pages = {765--771},
	title = {{Crystal growth and classical nucleation theory}},
	volume = {5},
	year = {2002}
}

@article{Auer2001,
	annote = {10.1038/35059035},
	author = {Auer, Stefan and Frenkel, Daan},
	issn = {0028-0836},
	journal = {Nature},
	month = feb,
	number = {6823},
	pages = {1020--1023},
	title = {{Prediction of absolute crystal-nucleation rate in hard-sphere colloids}},
	url = {http://dx.doi.org/10.1038/35059035},
	volume = {409},
	year = {2001}
}

@article{CaiRMA,
	author = {Cai, Zhikun and Zhang, Yang},
	journal = {To be submitted},
	title = {{RMA: a relaxation mode analysis}},
}

@article{CaiREMA,
	author = {Cai, Zhikun and Zhang, Yang},
	journal = {To be submitted},
	title = {{RMA: a relaxation excitation mode analysis}},
}

@article{LiquidLib,
	author = {Walter, Nathan and Jaiswal, Abhishek and Cai, Zhikun and Zhang, Yang},
	journal = {To be submitted},
	title = {{LiquidLib: A comprehensive tool for post processing of classical and \textit{ab initio} molecular dynamics simulations of liquids with application to neutron scattering experiments}},
}